@article{ortega2010ritalina,
  title={A ritalina no Brasil: produ{\c{c}}{\~o}es, discursos e pr{\'a}ticas; Ritalin in Brazil: production, discourse and practices; La},
  author={Ortega, Francisco and Barros, Denise and Caliman, Luciana and Itaborahy, Claudia and Junqueira, L{\'\i}via and Ferreira, Cl{\'a}udia Passos},
  journal={Interface comun. sa{\'u}de educ},
  volume={14},
  number={34},
  pages={499--512},
  year={2010}
}